@Comment An academic article
@Article{Rojstaczer1,
  author       = {Stuart Rojstaczer and Christopher Healy},
  title        = {Grading in American Colleges and Universities},
  journal      = {Teachers College Record},
  year         = 2010,
  url          = {https://www.tcrecord.org/books/Content.asp?ContentID=15928}
  note         = {ID Number: 15928}
}

@Article{Rojstaczer2,
  author       = {Stuart Rojstaczer and Christopher Healy},
  title        = {Where A Is Ordinary: The Evolution of American College and University Grading, 1940–2009},
  journal      = {Teachers College Record},
  year         = 2012,
  volume       = 144(7),
  pages        = {1-23},
  url          = {https://psycnet.apa.org/record/2012-22137-007}
}

@Article{Schombert1,
  author       = {James Schombert},
  title        = {Introductory Astronomy as a Measure of Grade Inflation},
  year         = 2010,
  url          = {https://arxiv.org/abs/1008.4410}
  note         = {arXiv:1008.4410}
}

@Article{Schombert2,
  author       = {James Schombert},
  title        = {Data Mining the University: College GPA Predictions from SAT Scores},
  year         = 2010,
  url          = {https://arxiv.org/abs/1004.2731}
  note         = {arXiv:1004.2731}
}

@techreport{Dearden2011impact,
  author       = {Lorraine Dearden, Emla Fitzsimons and Gill Wyness},
  title        = {The Impact of Tuition Fees and Support on University Participation in the UK},
  journal      = {Institute for Fiscal Studies (IFS)},
  year         = 2011,
  type         = {IFS Working Papers},
  number       = {W11/17},
  url          = {http://hdl.handle.net/10419/91545},
}

@article{NORDIN2019101936,
title = {The impact of grade inflation on higher education enrolment and earnings},
journal = {Economics of Education Review},
volume = {73},
pages = {101936},
year = {2019},
issn = {0272-7757},
doi = {https://doi.org/10.1016/j.econedurev.2019.101936},
url = {https://www.sciencedirect.com/science/article/pii/S027277571930024X},
author = {Martin Nordin and Gawain Heckley and Ulf Gerdtham}
}

@article{WIKSTROM2005309,
title = {Grade inflation and school competition: an empirical analysis based on the Swedish upper secondary schools},
journal = {Economics of Education Review},
volume = {24},
number = {3},
pages = {309-322},
year = {2005},
issn = {0272-7757},
doi = {https://doi.org/10.1016/j.econedurev.2004.04.010},
url = {https://www.sciencedirect.com/science/article/pii/S0272775704000895},
author = {Christina Wikström and Magnus Wikström}
}

@misc{HESA,
    title = {UK Higher Education Statistics Agency},
    url = {https://www.hesa.ac.uk/data-and-analysis/},
    note = {Online, available https://www.hesa.ac.uk/data-and-analysis/}
  }
  
@misc{CUG,
    title = {GradeInflation.com: Grade Inflation at American Colleges and Universities},
    url = {http://gradeinflation.com/},
    note = {Online, available http://gradeinflation.com/}
  }
  
@misc{GI,
    title = {Complete University Guide},
    url = {www.thecompleteuniversityguide.co.uk/league-tables/rankings},
    note = {Online, available www.thecompleteuniversityguide.co.uk/league-tables/rankings}
  }
  
@misc{IDP,
    title = {Official Website of IDP Connect},
    url = {https://www.idp-connect.com/},
    note = {Online, available https://www.idp-connect.com/}
  }
  
@misc{GT,
    title = {Google Trend},
    url = {https://trends.google.com/trends/explore},
    note = {Online, available https://trends.google.com/trends/explore}
  }

@Comment a newspaper article. We abuse the "year" a bit to give us a date
@Article{news1,
  author       = {Lambert, Harry},
  year         = {21 August 2019},
  title        = {The great university con: how the British degree lost its value?},
  journal      = {New Statesman},
  url          = {https://www.newstatesman.com/politics/education/2019/08/great-university-con-how-british-degree-lost-its-value},
  note         = {Retrieved on 2 April 2021}
}

@Article{news2,
  author       = {Sean Coughlan},
  year         = {11 July 2019},
  title        = {'Grade inflation' means 80\% more top degree grades},
  journal      = {BBC},
  url          = {https://www.bbc.co.uk/news/education-48951653},
  note         = {Retrieved on 2 April 2021}
}

@Article{news3,
  author       = {Sally Weale},
  year         = {19 Nov 2020},
  title        = {Proportion of students in England awarded first-class degrees soars},
  journal      = {The Guardian},
  url          = {https://www.theguardian.com/education/2020/nov/19/students-england-awarded-first-class-degrees-grade-inflation#:~:text=The%20government%20has%20called%20repeatedly,from%2067%25%20to%2079%25.},
  note         = {Retrieved on 2 April 2021}
}

@Article{Trow1973,
  author       = {Trow, Martin},
  title        = {Problems in the Transition from Elite to Mass Higher Education},
  journal      = {Carnegie Commission on Higher Education},
  year         = 1973,
  url          = {https://eric.ed.gov/?id=ED091983}
}

@article{BayMain,
author = {Calvin Jephcote and Emma Medland and Simon Lygo-Baker},
title = {Grade inflation versus grade improvement: Are our students getting more intelligent?},
journal = {Assessment \& Evaluation in Higher Education},
volume = {0},
number = {0},
pages = {1-25},
year  = {2020},
publisher = {Routledge},
doi = {10.1080/02602938.2020.1795617},
URL = {https://doi.org/10.1080/02602938.2020.1795617},
eprint = {https://doi.org/10.1080/02602938.2020.1795617}
}

@Article{FancyPink,
  author       = {Tom Richmond},
  title        = {A degree of uncertainty: An investigation into grade inflation in universities},
  journal      = {Reform Report [online]},
  year         = 2018,
  url          = {https://reform.uk/sites/default/files/2018-06/A%20Degree%20of%20Uncertainty%20final_0.pdf}
}

@Article{FancyGreen,
  author       = {Gershenson, Seth},
  title        = {Grade Inflation in High Schools (2005-2016)},
  journal      = {ERIC(Non-Journal)},
  year         = 2018,
  url          = {https://eric.ed.gov/?id=ED598893}
}

@Article{USTrend,
  author       = {LAURA W. LACKEY and W. JACK LACKEY},
  title        = {Grade Inflation: Potential Causes and Solutions},
  journal      = {TEMPUS Publications},
  year         = 2006,
  url          = {https://citeseerx.ist.psu.edu/viewdoc/download?doi=10.1.1.158.4029&rep=rep1&type=pdf}
}


@article{doi,
author = { Boualem   Kezim  and  Susan E.   Pariseau  and  Frances   Quinn },
title = {Is Grade Inflation Related to Faculty Status?},
journal = {Journal of Education for Business},
volume = {80},
number = {6},
pages = {358-364},
year  = {2005},
publisher = {Routledge},
doi = {10.3200/JOEB.80.6.358-364},
URL = {https://doi.org/10.3200/JOEB.80.6.358-364},
eprint = {https://doi.org/10.3200/JOEB.80.6.358-364}
}


@article{doi10,
author = {Wolfgang Stroebe},
title = {Student Evaluations of Teaching Encourages Poor Teaching and Contributes to Grade Inflation: A Theoretical and Empirical Analysis},
journal = {Basic and Applied Social Psychology},
volume = {42},
number = {4},
pages = {276-294},
year  = {2020},
publisher = {Routledge},
doi = {10.1080/01973533.2020.1756817},
URL = {https://doi.org/10.1080/01973533.2020.1756817},
eprint = {https://doi.org/10.1080/01973533.2020.1756817}
}


